%% This BibTeX bibliography file was created using BibDesk.
%% http://bibdesk.sourceforge.net/


%% Created for Ricardo Vila√ßa at 2010-11-29 14:43:49 +0000 


%% Saved with string encoding Unicode (UTF-8) 



@article{scaleFree,
	Author = {A.-L. Barab{\'a}si and E. Bonabeau},
	Date-Added = {2010-05-06 15:33:36 +0100},
	Date-Modified = {2010-05-06 15:35:48 +0100},
	Journal = {Scientific American},
	Pages = {60-69},
	Title = {Scale-Free Networks},
	Volume = {288},
	Year = {2003}}

@misc{twitterAPI,
	Author = {Twitter},
	Date-Added = {2010-01-11 10:56:16 +0000},
	Date-Modified = {2010-01-12 15:27:36 +0000},
	Howpublished = {http://apiwiki.twitter.com/Twitter-API-Documentation},
	Title = {Twitter API Documentation},
	Year = {2010}}

@inproceedings{retweet,
	Author = {Danah Boyd and Scott Golder and Gilad Lotan},
	Booktitle = {Proceedings of HICSS-43},
	Date-Added = {2010-01-11 10:18:31 +0000},
	Date-Modified = {2010-05-24 00:19:10 +0100},
	Editor = {IEEE Computer Society},
	Month = {January},
	Title = {Tweet Tweet Retweet: Conversational Aspects of Retweeting on Twitter},
	Year = {2010}}

@inproceedings{chipsTwitter,
	Address = {New York, NY, USA},
	Author = {Krishnamurthy, Balachander and Gill, Phillipa and Arlitt, Martin},
	Booktitle = {WOSP '08: Proceedings of the first workshop on Online social networks},
	Date-Added = {2010-01-11 10:16:01 +0000},
	Date-Modified = {2010-01-11 10:16:09 +0000},
	Doi = {http://doi.acm.org/10.1145/1397735.1397741},
	Isbn = {978-1-60558-182-8},
	Location = {Seattle, WA, USA},
	Pages = {19--24},
	Publisher = {ACM},
	Title = {A few chirps about twitter},
	Year = {2008},
	Bdsk-Url-1 = {http://doi.acm.org/10.1145/1397735.1397741}}

@inproceedings{whyWeTwitter,
	Address = {New York, NY, USA},
	Author = {Java, Akshay and Song, Xiaodan and Finin, Tim and Tseng, Belle},
	Booktitle = {WebKDD/SNA-KDD '07: Proceedings of the 9th WebKDD and 1st SNA-KDD 2007 workshop on Web mining and social network analysis},
	Date-Added = {2010-01-11 10:15:03 +0000},
	Date-Modified = {2010-01-11 10:15:32 +0000},
	Doi = {http://doi.acm.org/10.1145/1348549.1348556},
	Isbn = {978-1-59593-848-0},
	Location = {San Jose, California},
	Pages = {56--65},
	Publisher = {ACM},
	Title = {Why we twitter: understanding microblogging usage and communities},
	Year = {2007},
	Bdsk-Url-1 = {http://doi.acm.org/10.1145/1348549.1348556}}
